@article{eyal2018majority,
  title={Majority is not enough: Bitcoin mining is vulnerable},
  author={Eyal, Ittay and Sirer, Emin G{\"u}n},
  journal={Communications of the ACM},
  volume={61},
  number={7},
  pages={95--102},
  year={2018},
  publisher={ACM New York, NY, USA}
}

@inproceedings{sapirshtein2016optimal,
  title={Optimal selfish mining strategies in bitcoin},
  author={Sapirshtein, Ayelet and Sompolinsky, Yonatan and Zohar, Aviv},
  booktitle={International conference on financial cryptography and data security},
  pages={515--532},
  year={2016},
  organization={Springer}
}