@article{bellman1962dynamic,
  title={Dynamic programming treatment of the travelling salesman problem},
  author={Bellman, Richard},
  journal={Journal of the ACM (JACM)},
  volume={9},
  number={1},
  pages={61--63},
  year={1962},
  publisher={ACM New York, NY, USA}
}

@article{held1962dynamic,
  title={A dynamic programming approach to sequencing problems},
  author={Held, Michael and Karp, Richard M},
  journal={Journal of the Society for Industrial and Applied mathematics},
  volume={10},
  number={1},
  pages={196--210},
  year={1962},
  publisher={SIAM}
}

@book{land2010automatic,
  title={An automatic method for solving discrete programming problems},
  author={Land, Ailsa H and Doig, Alison G},
  year={2010},
  publisher={Springer}
}

@inproceedings{christofides2022worst,
  title={Worst-case analysis of a new heuristic for the travelling salesman problem},
  author={Christofides, Nicos},
  booktitle={Operations Research Forum},
  number={1},
  pages={20},
  year={2022},
  organization={Springer}
}

@inproceedings{grefenstette2014genetic,
  title={Genetic algorithms for the traveling salesman problem},
  author={Grefenstette, John and Gopal, Rajeev and Rosmaita, Brian and Van Gucht, Dirk},
  booktitle={Proceedings of the first International Conference on Genetic Algorithms and their Applications},
  pages={160--168},
  year={2014},
  organization={Psychology Press}
}

@incollection{altenberg1995schema,
  title={The schema theorem and Price's theorem},
  author={Altenberg, Lee},
  booktitle={Foundations of genetic algorithms},
  volume={3},
  pages={23--49},
  year={1995},
  publisher={Elsevier}
}

@article{abbasi2020efficient,
  title={An efficient parallel genetic algorithm solution for vehicle routing problem in cloud implementation of the intelligent transportation systems},
  author={Abbasi, Mahdi and Rafiee, Milad and Khosravi, Mohammad R and Jolfaei, Alireza and Menon, Varun G and Koushyar, Javad Mokhtari},
  journal={Journal of cloud Computing},
  volume={9},
  pages={1--14},
  year={2020},
  publisher={Springer}
}

@inproceedings{chen2011cuda,
  title={CUDA-based genetic algorithm on traveling salesman problem},
  author={Chen, Su and Davis, Spencer and Jiang, Hai and Novobilski, Andy},
  booktitle={Computer and Information Science 2011},
  pages={241--252},
  year={2011},
  organization={Springer}
}

@inproceedings{fujimoto2011highly,
  title={A highly-parallel tsp solver for a gpu computing platform},
  author={Fujimoto, Noriyuki and Tsutsui, Shigeyoshi},
  booktitle={Numerical Methods and Applications: 7th International Conference, NMA 2010, Borovets, Bulgaria, August 20-24, 2010. Revised Papers 7},
  pages={264--271},
  year={2011},
  organization={Springer}
}

@misc{worldtsp,
  title = {World Traveling Salesman Problem},
  author = {University of Waterloo, Department of Combinatorics and Optimization},
  year = {2003},
  url = {https://www.math.uwaterloo.ca/tsp/world/}
}